@misc{KuMo.jl,
	author  = {azzaare <jf@baffier.fr> and contributors},
	title   = {KuMo.jl},
	url     = {https://github.com/Azzaare/KuMo.jl},
	version = {v0.1.0},
	year    = {2022},
	month   = {4}
}
